@article {jordan-lcs,
    AUTHOR = {Bapat, Asilata and Jordan, David},
     TITLE = {Lower central series of free algebras in symmetric tensor
              categories},
   JOURNAL = {J. Algebra},
  FJOURNAL = {Journal of Algebra},
    VOLUME = {373},
      YEAR = {2013},
     PAGES = {299--311},
      ISSN = {0021-8693},
     CODEN = {JALGA4},
   MRCLASS = {16W70},
  MRNUMBER = {2995028},
       DOI = {10.1016/j.jalgebra.2012.10.001},
       URL = {http://dx.doi.org/10.1016/j.jalgebra.2012.10.001},
    EPRINT = {arXiv:1001.1375}
}

@misc{torus-ic,
Author = {Asilata Bapat},
Title = {Torus actions and tensor products of intersection cohomology},
Year = {2013},
Eprint = {arXiv:1309.0859},
}